@article{mendez2018homeostatic,
  title={Homeostatic plasticity in the hippocampus facilitates memory extinction},
  author={Mendez, Pablo and Stefanelli, Thomas and Flores, Carmen E and Muller, Dominique and L{\"u}scher, Christian},
  journal={Cell reports},
  volume={22},
  number={6},
  pages={1451--1461},
  year={2018},
  publisher={Elsevier}
}

@article{ocker2017linking,
  title={Linking structure and activity in nonlinear spiking networks},
  author={Ocker, Gabriel Koch and Josi{\'c}, Kre{\v{s}}imir and Shea-Brown, Eric and Buice, Michael A},
  journal={PLoS computational biology},
  volume={13},
  number={6},
  pages={e1005583},
  year={2017},
  publisher={Public Library of Science San Francisco, CA USA}
}

@article{pernice2011structure,
  title={How structure determines correlations in neuronal networks},
  author={Pernice, Volker and Staude, Benjamin and Cardanobile, Stefano and Rotter, Stefan},
  journal={PLoS computational biology},
  volume={7},
  number={5},
  pages={e1002059},
  year={2011},
  publisher={Public Library of Science San Francisco, USA}
}

@article{kordovan2020spike,
  title={Spike train cumulants for linear-nonlinear Poisson cascade models},
  author={Kordovan, Michael and Rotter, Stefan},
  journal={arXiv preprint arXiv:2001.05057},
  year={2020}
}
